  @Manual{Wickham2023dplyr,
    title = {dplyr: A Grammar of Data Manipulation},
    author = {Hadley Wickham and Romain François and Lionel Henry and Kirill Müller and Davis Vaughan},
    year = {2023},
    note = {R package version 1.1.4, https://github.com/tidyverse/dplyr},
    url = {https://dplyr.tidyverse.org},
  }
  
@Article{Hou2024InteractiveMicrobiota,
  title = {Interactive association between gut microbiota and thyroid cancer},
  author = {Hou, T. and Wang, Q. and Dai, H. and others},
  journal = {Endocrinology},
  year = {2024},
  volume = {165},
  number = {1},
  pages = {bqad184},
  doi = {10.1210/endocr/bqad184},
}
@Article{Song2023ReDis,
  title = {ReDis: efficient metagenomic profiling via assigning ambiguous reads},
  author = {Song, Chao and Guo, Zhuoyi and Gu, Jianying and others},
  journal = {bioRxiv},
  year = {2023},
  month = {Aug},
  day = {29},
  pages = {2023.08.29.555244},
  doi = {10.1101/2023.08.29.555244},
  url = {https://www.biorxiv.org/content/10.1101/2023.08.29.555244v1},
  note = {Preprint},
}

@Article{Rynazal2023LeveragingAI,
  title = {Leveraging explainable AI for gut microbiome-based colorectal cancer classification},
  author = {Rynazal, Rafif and Fujisawa, Kana and Shiroma, Hiroki and others},
  journal = {Genome Biology},
  year = {2023},
  volume = {24},
  number = {1},
  pages = {21},
  doi = {10.1186/s13059-023-02861-9},
  url = {https://genomebiology.biomedcentral.com/articles/10.1186/s13059-023-02861-9},
}

@Article{Gorini2023TumorMicrobial,
  title = {Tumor Microbial Communities and Thyroid Cancer Development—The Protective Role of Antioxidant Nutrients: Application Strategies and Future Directions},
  author = {Gorini, Francesca and Tonacci, Alessandro},
  journal = {Antioxidants},
  year = {2023},
  volume = {12},
  number = {10},
  pages = {1898},
  doi = {10.3390/antiox12101898},
  url = {https://www.mdpi.com/2076-3921/12/10/1898},
}

@Article{Knezevic2020HumanMicrobiota,
  title = {The Human Microbiota in Endocrinology: Implications for Pathophysiology, Treatment, and Prognosis in Thyroid Diseases},
  author = {Knezevic, Jelena and Starchl, Christina and Tmava Berisha, Arta and Amrein, Karin},
  journal = {Frontiers in Endocrinology},
  year = {2020},
  volume = {11},
  pages = {595531},
  month = {Dec},
  day = {4},
  doi = {10.3389/fendo.2020.595531},
  url = {https://www.ncbi.nlm.nih.gov/pmc/articles/PMC7746874/},
  pmcid = {PMC7746874},
}

@Article{McMurdie2013phyloseq,
  title = {phyloseq: an R package for reproducible interactive analysis and graphics of microbiome census data},
  author = {McMurdie, Paul J and Holmes, Susan},
  journal = {PLoS ONE},
  year = {2013},
  volume = {8},
  number = {4},
  pages = {e61217},
  doi = {10.1371/journal.pone.0061217},
  url = {https://journals.plos.org/plosone/article?id=10.1371/journal.pone.0061217},
}

@InProceedings{LeDell2020H2OAutoML,
  title = {H2O AutoML: Scalable Automatic Machine Learning},
  author = {LeDell, Erin and Poirier, Sean},
  booktitle = {Proceedings of the AutoML Workshop at ICML},
  year = {2020},
  address = {San Diego, CA, USA},
  organization = {ICML},
  url = {https://www.automl.org/wp-content/uploads/2020/07/AutoML_2020_paper_61.pdf},
}

@InProceedings{Naidu2023ReviewMetrics,
  title = {A Review of Evaluation Metrics in Machine Learning Algorithms},
  author = {Naidu, Godfrey and Zuva, Tranos and Sibanda, Etienne Mupinga},
  booktitle = {Computer Science On-line Conference},
  year = {2023},
  pages = {15--25},
  publisher = {Springer International Publishing},
  address = {Cham},
  doi = {10.1007/978-3-031-30435-2_2},
  series = {Advances in Intelligent Systems and Computing},
}


@Article{Patil2021ggstatsplot,
  title = {Visualizations with statistical details: The 'ggstatsplot' approach},
  author = {Patil, Indrajeet},
  journal = {Journal of Open Source Software},
  year = {2021},
  volume = {6},
  number = {61},
  pages = {3167},
  doi = {10.21105/joss.03167},
  url = {https://joss.theoj.org/papers/10.21105/joss.03167},
}

@Article{Lu2020Kraken2,
  title = {Ultrafast and accurate 16S rRNA microbial community analysis using Kraken 2},
  author = {Lu, Jennifer and Salzberg, Steven L},
  journal = {Microbiome},
  year = {2020},
  volume = {8},
  number = {1},
  pages = {124},
  doi = {10.1186/s40168-020-00900-2},
  url = {https://microbiomejournal.biomedcentral.com/articles/10.1186/s40168-020-00900-2},
  pmid = {32854757},
}

